%YAML 1.1
%TAG !u! tag:unity3d.com,2011:
--- !u!1001 &100100000
Prefab:
  m_ObjectHideFlags: 1
  serializedVersion: 2
  m_Modification:
    m_TransformParent: {fileID: 0}
    m_Modifications: []
    m_RemovedComponents: []
  m_SourcePrefab: {fileID: 0}
  m_RootGameObject: {fileID: 1961109679310200}
  m_IsPrefabAsset: 1
--- !u!1 &1022959283148758
GameObject:
  m_ObjectHideFlags: 0
  m_CorrespondingSourceObject: {fileID: 0}
  m_PrefabInternal: {fileID: 100100000}
  serializedVersion: 6
  m_Component:
  - component: {fileID: 4844684498062084}
  - component: {fileID: 114871999312508162}
  - component: {fileID: 95066155635963936}
  m_Layer: 12
  m_Name: Render
  m_TagString: Untagged
  m_Icon: {fileID: 0}
  m_NavMeshLayer: 0
  m_StaticEditorFlags: 0
  m_IsActive: 1
--- !u!1 &1098503856077390
GameObject:
  m_ObjectHideFlags: 0
  m_CorrespondingSourceObject: {fileID: 0}
  m_PrefabInternal: {fileID: 100100000}
  serializedVersion: 6
  m_Component:
  - component: {fileID: 4859353531526992}
  m_Layer: 12
  m_Name: front
  m_TagString: Untagged
  m_Icon: {fileID: 0}
  m_NavMeshLayer: 0
  m_StaticEditorFlags: 0
  m_IsActive: 1
--- !u!1 &1122686525180862
GameObject:
  m_ObjectHideFlags: 1
  m_CorrespondingSourceObject: {fileID: 0}
  m_PrefabInternal: {fileID: 100100000}
  serializedVersion: 6
  m_Component:
  - component: {fileID: 4482985695966104}
  - component: {fileID: 114483586442372394}
  - component: {fileID: 137288834447292360}
  m_Layer: 12
  m_Name: jawAnkylosaurus
  m_TagString: Color
  m_Icon: {fileID: 0}
  m_NavMeshLayer: 0
  m_StaticEditorFlags: 0
  m_IsActive: 1
--- !u!1 &1165326123423892
GameObject:
  m_ObjectHideFlags: 1
  m_CorrespondingSourceObject: {fileID: 0}
  m_PrefabInternal: {fileID: 100100000}
  serializedVersion: 6
  m_Component:
  - component: {fileID: 4308350309634760}
  - component: {fileID: 114013148816752886}
  m_Layer: 12
  m_Name: 0Head (1)
  m_TagString: Untagged
  m_Icon: {fileID: 0}
  m_NavMeshLayer: 0
  m_StaticEditorFlags: 0
  m_IsActive: 1
--- !u!1 &1283659610850884
GameObject:
  m_ObjectHideFlags: 1
  m_CorrespondingSourceObject: {fileID: 0}
  m_PrefabInternal: {fileID: 100100000}
  serializedVersion: 6
  m_Component:
  - component: {fileID: 4810917157834380}
  m_Layer: 12
  m_Name: bones
  m_TagString: Untagged
  m_Icon: {fileID: 0}
  m_NavMeshLayer: 0
  m_StaticEditorFlags: 0
  m_IsActive: 1
--- !u!1 &1489790335353568
GameObject:
  m_ObjectHideFlags: 1
  m_CorrespondingSourceObject: {fileID: 0}
  m_PrefabInternal: {fileID: 100100000}
  serializedVersion: 6
  m_Component:
  - component: {fileID: 4211321503862508}
  - component: {fileID: 114514151566617772}
  m_Layer: 12
  m_Name: eye
  m_TagString: Untagged
  m_Icon: {fileID: 0}
  m_NavMeshLayer: 0
  m_StaticEditorFlags: 0
  m_IsActive: 1
--- !u!1 &1527348209060098
GameObject:
  m_ObjectHideFlags: 1
  m_CorrespondingSourceObject: {fileID: 0}
  m_PrefabInternal: {fileID: 100100000}
  serializedVersion: 6
  m_Component:
  - component: {fileID: 4254922904727804}
  - component: {fileID: 114401431303448836}
  m_Layer: 12
  m_Name: 2
  m_TagString: Untagged
  m_Icon: {fileID: 0}
  m_NavMeshLayer: 0
  m_StaticEditorFlags: 0
  m_IsActive: 1
--- !u!1 &1594574605773566
GameObject:
  m_ObjectHideFlags: 1
  m_CorrespondingSourceObject: {fileID: 0}
  m_PrefabInternal: {fileID: 100100000}
  serializedVersion: 6
  m_Component:
  - component: {fileID: 4986905561900344}
  - component: {fileID: 114507140572714784}
  m_Layer: 12
  m_Name: eyelid
  m_TagString: Untagged
  m_Icon: {fileID: 0}
  m_NavMeshLayer: 0
  m_StaticEditorFlags: 0
  m_IsActive: 1
--- !u!1 &1603748121843780
GameObject:
  m_ObjectHideFlags: 1
  m_CorrespondingSourceObject: {fileID: 0}
  m_PrefabInternal: {fileID: 100100000}
  serializedVersion: 6
  m_Component:
  - component: {fileID: 4878678861943942}
  - component: {fileID: 114426881128714016}
  - component: {fileID: 137259587101838318}
  m_Layer: 12
  m_Name: eyeAnkylosaurus
  m_TagString: EyeColor
  m_Icon: {fileID: 0}
  m_NavMeshLayer: 0
  m_StaticEditorFlags: 0
  m_IsActive: 1
--- !u!1 &1638393379097426
GameObject:
  m_ObjectHideFlags: 0
  m_CorrespondingSourceObject: {fileID: 0}
  m_PrefabInternal: {fileID: 100100000}
  serializedVersion: 6
  m_Component:
  - component: {fileID: 4163185443250678}
  m_Layer: 12
  m_Name: mouth
  m_TagString: Untagged
  m_Icon: {fileID: 0}
  m_NavMeshLayer: 0
  m_StaticEditorFlags: 0
  m_IsActive: 1
--- !u!1 &1639511351145642
GameObject:
  m_ObjectHideFlags: 1
  m_CorrespondingSourceObject: {fileID: 0}
  m_PrefabInternal: {fileID: 100100000}
  serializedVersion: 6
  m_Component:
  - component: {fileID: 4207560929262906}
  - component: {fileID: 114954962779726918}
  m_Layer: 12
  m_Name: 0Head
  m_TagString: Untagged
  m_Icon: {fileID: 0}
  m_NavMeshLayer: 0
  m_StaticEditorFlags: 0
  m_IsActive: 1
--- !u!1 &1679734026919736
GameObject:
  m_ObjectHideFlags: 1
  m_CorrespondingSourceObject: {fileID: 0}
  m_PrefabInternal: {fileID: 100100000}
  serializedVersion: 6
  m_Component:
  - component: {fileID: 4891354954041422}
  m_Layer: 12
  m_Name: bones
  m_TagString: Untagged
  m_Icon: {fileID: 0}
  m_NavMeshLayer: 0
  m_StaticEditorFlags: 0
  m_IsActive: 1
--- !u!1 &1680867090748696
GameObject:
  m_ObjectHideFlags: 1
  m_CorrespondingSourceObject: {fileID: 0}
  m_PrefabInternal: {fileID: 100100000}
  serializedVersion: 6
  m_Component:
  - component: {fileID: 4135247567704702}
  - component: {fileID: 114070113328603148}
  m_Layer: 12
  m_Name: 1
  m_TagString: Untagged
  m_Icon: {fileID: 0}
  m_NavMeshLayer: 0
  m_StaticEditorFlags: 0
  m_IsActive: 1
--- !u!1 &1808229859396718
GameObject:
  m_ObjectHideFlags: 1
  m_CorrespondingSourceObject: {fileID: 0}
  m_PrefabInternal: {fileID: 100100000}
  serializedVersion: 6
  m_Component:
  - component: {fileID: 4255635952347318}
  - component: {fileID: 114028277615260850}
  - component: {fileID: 137816252965410632}
  m_Layer: 12
  m_Name: headAnkylosaurus
  m_TagString: Color
  m_Icon: {fileID: 0}
  m_NavMeshLayer: 0
  m_StaticEditorFlags: 0
  m_IsActive: 1
--- !u!1 &1909280535268176
GameObject:
  m_ObjectHideFlags: 1
  m_CorrespondingSourceObject: {fileID: 0}
  m_PrefabInternal: {fileID: 100100000}
  serializedVersion: 6
  m_Component:
  - component: {fileID: 4132618015384912}
  - component: {fileID: 114045600467822104}
  - component: {fileID: 137375203009715206}
  - component: {fileID: 95730172542992214}
  - component: {fileID: 114039358730853874}
  m_Layer: 12
  m_Name: eyelid
  m_TagString: Color
  m_Icon: {fileID: 0}
  m_NavMeshLayer: 0
  m_StaticEditorFlags: 0
  m_IsActive: 1
--- !u!1 &1961109679310200
GameObject:
  m_ObjectHideFlags: 0
  m_CorrespondingSourceObject: {fileID: 0}
  m_PrefabInternal: {fileID: 100100000}
  serializedVersion: 6
  m_Component:
  - component: {fileID: 4235537990167842}
  - component: {fileID: 212971440458174172}
  - component: {fileID: 114246492543207088}
  - component: {fileID: 65208966994924588}
  - component: {fileID: 114346135178463106}
  - component: {fileID: 82106834814837816}
  m_Layer: 12
  m_Name: headAnkylosaurus
  m_TagString: Head
  m_Icon: {fileID: 0}
  m_NavMeshLayer: 0
  m_StaticEditorFlags: 0
  m_IsActive: 1
--- !u!4 &4132618015384912
Transform:
  m_ObjectHideFlags: 1
  m_CorrespondingSourceObject: {fileID: 0}
  m_PrefabInternal: {fileID: 100100000}
  m_GameObject: {fileID: 1909280535268176}
  m_LocalRotation: {x: -0, y: -0, z: 0.5785658, w: 0.81563574}
  m_LocalPosition: {x: 0.062528, y: 0.34074998, z: -0.03301201}
  m_LocalScale: {x: 0.4478486, y: 0.4478486, z: 2.2392435}
  m_Children:
  - {fileID: 4891354954041422}
  m_Father: {fileID: 4308350309634760}
  m_RootOrder: 0
  m_LocalEulerAnglesHint: {x: 0, y: 0, z: 0}
--- !u!4 &4135247567704702
Transform:
  m_ObjectHideFlags: 1
  m_CorrespondingSourceObject: {fileID: 0}
  m_PrefabInternal: {fileID: 100100000}
  m_GameObject: {fileID: 1680867090748696}
  m_LocalRotation: {x: 0, y: 0, z: 0.58068013, w: 0.8141318}
  m_LocalPosition: {x: 0.42907178, y: 0, z: 0.02}
  m_LocalScale: {x: 0.29807305, y: 0.39892, z: 1}
  m_Children:
  - {fileID: 4254922904727804}
  m_Father: {fileID: 4207560929262906}
  m_RootOrder: 0
  m_LocalEulerAnglesHint: {x: 0, y: 0, z: 70.997}
--- !u!4 &4163185443250678
Transform:
  m_ObjectHideFlags: 1
  m_CorrespondingSourceObject: {fileID: 0}
  m_PrefabInternal: {fileID: 100100000}
  m_GameObject: {fileID: 1638393379097426}
  m_LocalRotation: {x: -0, y: -0, z: -0, w: 1}
  m_LocalPosition: {x: 0.1511, y: 0.0071, z: 0}
  m_LocalScale: {x: 1, y: 1, z: 0.999999}
  m_Children: []
  m_Father: {fileID: 4235537990167842}
  m_RootOrder: 1
  m_LocalEulerAnglesHint: {x: 0, y: 0, z: 0}
--- !u!4 &4207560929262906
Transform:
  m_ObjectHideFlags: 1
  m_CorrespondingSourceObject: {fileID: 0}
  m_PrefabInternal: {fileID: 100100000}
  m_GameObject: {fileID: 1639511351145642}
  m_LocalRotation: {x: 0, y: 0, z: -0.5785658, w: 0.81563574}
  m_LocalPosition: {x: 0.013992444, y: 0.084359206, z: 0}
  m_LocalScale: {x: 0.19279, y: 0.19279, z: 0.19279}
  m_Children:
  - {fileID: 4135247567704702}
  - {fileID: 4308350309634760}
  m_Father: {fileID: 4810917157834380}
  m_RootOrder: 0
  m_LocalEulerAnglesHint: {x: 0, y: 0, z: -70.699005}
--- !u!4 &4211321503862508
Transform:
  m_ObjectHideFlags: 1
  m_CorrespondingSourceObject: {fileID: 0}
  m_PrefabInternal: {fileID: 100100000}
  m_GameObject: {fileID: 1489790335353568}
  m_LocalRotation: {x: -0, y: -0, z: -0.72883356, w: 0.6846909}
  m_LocalPosition: {x: 0.034138918, y: 0.20192152, z: -0.05}
  m_LocalScale: {x: 1, y: 1, z: 1}
  m_Children:
  - {fileID: 4986905561900344}
  m_Father: {fileID: 4891354954041422}
  m_RootOrder: 0
  m_LocalEulerAnglesHint: {x: 0, y: 0, z: 0}
--- !u!4 &4235537990167842
Transform:
  m_ObjectHideFlags: 1
  m_CorrespondingSourceObject: {fileID: 0}
  m_PrefabInternal: {fileID: 100100000}
  m_GameObject: {fileID: 1961109679310200}
  m_LocalRotation: {x: 0, y: 0, z: 0, w: 1}
  m_LocalPosition: {x: 0, y: 0, z: 0}
  m_LocalScale: {x: 8.97456, y: 8.97456, z: 1.7949119}
  m_Children:
  - {fileID: 4859353531526992}
  - {fileID: 4163185443250678}
  - {fileID: 4844684498062084}
  m_Father: {fileID: 0}
  m_RootOrder: 0
  m_LocalEulerAnglesHint: {x: 0, y: 0, z: 0}
--- !u!4 &4254922904727804
Transform:
  m_ObjectHideFlags: 1
  m_CorrespondingSourceObject: {fileID: 0}
  m_PrefabInternal: {fileID: 100100000}
  m_GameObject: {fileID: 1527348209060098}
  m_LocalRotation: {x: 0, y: 0, z: -0.14324972, w: 0.98968655}
  m_LocalPosition: {x: 0.9999996, y: 0.00000026147632, z: 0}
  m_LocalScale: {x: 1.6842, y: 1, z: 1}
  m_Children: []
  m_Father: {fileID: 4135247567704702}
  m_RootOrder: 0
  m_LocalEulerAnglesHint: {x: 0, y: 0, z: -16.472}
--- !u!4 &4255635952347318
Transform:
  m_ObjectHideFlags: 1
  m_CorrespondingSourceObject: {fileID: 0}
  m_PrefabInternal: {fileID: 100100000}
  m_GameObject: {fileID: 1808229859396718}
  m_LocalRotation: {x: -0, y: -0, z: -0, w: 1}
  m_LocalPosition: {x: 0.09129358, y: 0.10039729, z: 0.016713914}
  m_LocalScale: {x: 0.11142608, y: 0.11142608, z: 0.5571305}
  m_Children:
  - {fileID: 4878678861943942}
  - {fileID: 4482985695966104}
  m_Father: {fileID: 4844684498062084}
  m_RootOrder: 0
  m_LocalEulerAnglesHint: {x: 0, y: 0, z: 0}
--- !u!4 &4308350309634760
Transform:
  m_ObjectHideFlags: 1
  m_CorrespondingSourceObject: {fileID: 0}
  m_PrefabInternal: {fileID: 100100000}
  m_GameObject: {fileID: 1165326123423892}
  m_LocalRotation: {x: -0, y: -0, z: -0, w: 1}
  m_LocalPosition: {x: 0, y: 0, z: -0.01}
  m_LocalScale: {x: 1, y: 1, z: 1}
  m_Children:
  - {fileID: 4132618015384912}
  m_Father: {fileID: 4207560929262906}
  m_RootOrder: 1
  m_LocalEulerAnglesHint: {x: 0, y: 0, z: -70.699005}
--- !u!4 &4482985695966104
Transform:
  m_ObjectHideFlags: 1
  m_CorrespondingSourceObject: {fileID: 0}
  m_PrefabInternal: {fileID: 100100000}
  m_GameObject: {fileID: 1122686525180862}
  m_LocalRotation: {x: -0, y: -0, z: -0, w: 1}
  m_LocalPosition: {x: 0.07, y: -0.018, z: 0}
  m_LocalScale: {x: 1, y: 1, z: 1}
  m_Children: []
  m_Father: {fileID: 4255635952347318}
  m_RootOrder: 1
  m_LocalEulerAnglesHint: {x: 0, y: 0, z: 0}
--- !u!4 &4810917157834380
Transform:
  m_ObjectHideFlags: 1
  m_CorrespondingSourceObject: {fileID: 0}
  m_PrefabInternal: {fileID: 100100000}
  m_GameObject: {fileID: 1283659610850884}
  m_LocalRotation: {x: -0, y: -0, z: -0, w: 1}
  m_LocalPosition: {x: 0, y: 0, z: 0}
  m_LocalScale: {x: 1, y: 1, z: 1}
  m_Children:
  - {fileID: 4207560929262906}
  m_Father: {fileID: 4844684498062084}
  m_RootOrder: 1
  m_LocalEulerAnglesHint: {x: 0, y: 0, z: 0}
--- !u!4 &4844684498062084
Transform:
  m_ObjectHideFlags: 1
  m_CorrespondingSourceObject: {fileID: 0}
  m_PrefabInternal: {fileID: 100100000}
  m_GameObject: {fileID: 1022959283148758}
  m_LocalRotation: {x: 0, y: 0, z: 0, w: 1}
  m_LocalPosition: {x: 0, y: 0, z: 0}
  m_LocalScale: {x: 1, y: 1, z: 1}
  m_Children:
  - {fileID: 4255635952347318}
  - {fileID: 4810917157834380}
  m_Father: {fileID: 4235537990167842}
  m_RootOrder: 2
  m_LocalEulerAnglesHint: {x: 0, y: 0, z: 0}
--- !u!4 &4859353531526992
Transform:
  m_ObjectHideFlags: 1
  m_CorrespondingSourceObject: {fileID: 0}
  m_PrefabInternal: {fileID: 100100000}
  m_GameObject: {fileID: 1098503856077390}
  m_LocalRotation: {x: 0, y: 0, z: 0, w: 1}
  m_LocalPosition: {x: 0.2164, y: 0.0197, z: 0}
  m_LocalScale: {x: 1, y: 1, z: 1}
  m_Children: []
  m_Father: {fileID: 4235537990167842}
  m_RootOrder: 0
  m_LocalEulerAnglesHint: {x: 0, y: 0, z: 0}
--- !u!4 &4878678861943942
Transform:
  m_ObjectHideFlags: 1
  m_CorrespondingSourceObject: {fileID: 0}
  m_PrefabInternal: {fileID: 100100000}
  m_GameObject: {fileID: 1603748121843780}
  m_LocalRotation: {x: -0, y: -0, z: -0, w: 1}
  m_LocalPosition: {x: -0.077, y: -0.034, z: 0}
  m_LocalScale: {x: 1, y: 1, z: 1}
  m_Children: []
  m_Father: {fileID: 4255635952347318}
  m_RootOrder: 0
  m_LocalEulerAnglesHint: {x: 0, y: 0, z: 0}
--- !u!4 &4891354954041422
Transform:
  m_ObjectHideFlags: 1
  m_CorrespondingSourceObject: {fileID: 0}
  m_PrefabInternal: {fileID: 100100000}
  m_GameObject: {fileID: 1679734026919736}
  m_LocalRotation: {x: 0, y: 0, z: 0, w: 1}
  m_LocalPosition: {x: 0, y: 0, z: -0.01}
  m_LocalScale: {x: 1, y: 1, z: 1}
  m_Children:
  - {fileID: 4211321503862508}
  m_Father: {fileID: 4132618015384912}
  m_RootOrder: 0
  m_LocalEulerAnglesHint: {x: 0, y: 0, z: 0}
--- !u!4 &4986905561900344
Transform:
  m_ObjectHideFlags: 1
  m_CorrespondingSourceObject: {fileID: 0}
  m_PrefabInternal: {fileID: 100100000}
  m_GameObject: {fileID: 1594574605773566}
  m_LocalRotation: {x: -0, y: -0, z: 0.035011828, w: 0.9993869}
  m_LocalPosition: {x: 0.01000002, y: -0.00000008381903, z: -0.01}
  m_LocalScale: {x: 1, y: 1, z: 1}
  m_Children: []
  m_Father: {fileID: 4211321503862508}
  m_RootOrder: 0
  m_LocalEulerAnglesHint: {x: 0, y: 0, z: 0}
--- !u!65 &65208966994924588
BoxCollider:
  m_ObjectHideFlags: 1
  m_CorrespondingSourceObject: {fileID: 0}
  m_PrefabInternal: {fileID: 100100000}
  m_GameObject: {fileID: 1961109679310200}
  m_Material: {fileID: 0}
  m_IsTrigger: 1
  m_Enabled: 1
  serializedVersion: 2
  m_Size: {x: 0.46003488, y: 0.7855429, z: 4.389539}
  m_Center: {x: 0.23191766, y: -0.048685893, z: 0.79193974}
--- !u!82 &82106834814837816
AudioSource:
  m_ObjectHideFlags: 1
  m_CorrespondingSourceObject: {fileID: 0}
  m_PrefabInternal: {fileID: 100100000}
  m_GameObject: {fileID: 1961109679310200}
  m_Enabled: 1
  serializedVersion: 4
  OutputAudioMixerGroup: {fileID: 0}
  m_audioClip: {fileID: 0}
  m_PlayOnAwake: 0
  m_Volume: 1
  m_Pitch: 1
  Loop: 0
  Mute: 0
  Spatialize: 0
  SpatializePostEffects: 0
  Priority: 128
  DopplerLevel: 1
  MinDistance: 1
  MaxDistance: 500
  Pan2D: 0
  rolloffMode: 0
  BypassEffects: 0
  BypassListenerEffects: 0
  BypassReverbZones: 0
  rolloffCustomCurve:
    serializedVersion: 2
    m_Curve:
    - serializedVersion: 3
      time: 0
      value: 1
      inSlope: 0
      outSlope: 0
      tangentMode: 0
      weightedMode: 0
      inWeight: 0.33333334
      outWeight: 0.33333334
    - serializedVersion: 3
      time: 1
      value: 0
      inSlope: 0
      outSlope: 0
      tangentMode: 0
      weightedMode: 0
      inWeight: 0.33333334
      outWeight: 0.33333334
    m_PreInfinity: 2
    m_PostInfinity: 2
    m_RotationOrder: 4
  panLevelCustomCurve:
    serializedVersion: 2
    m_Curve:
    - serializedVersion: 3
      time: 0
      value: 0
      inSlope: 0
      outSlope: 0
      tangentMode: 0
      weightedMode: 0
      inWeight: 0.33333334
      outWeight: 0.33333334
    m_PreInfinity: 2
    m_PostInfinity: 2
    m_RotationOrder: 4
  spreadCustomCurve:
    serializedVersion: 2
    m_Curve:
    - serializedVersion: 3
      time: 0
      value: 0
      inSlope: 0
      outSlope: 0
      tangentMode: 0
      weightedMode: 0
      inWeight: 0.33333334
      outWeight: 0.33333334
    m_PreInfinity: 2
    m_PostInfinity: 2
    m_RotationOrder: 4
  reverbZoneMixCustomCurve:
    serializedVersion: 2
    m_Curve:
    - serializedVersion: 3
      time: 0
      value: 1
      inSlope: 0
      outSlope: 0
      tangentMode: 0
      weightedMode: 0
      inWeight: 0.33333334
      outWeight: 0.33333334
    m_PreInfinity: 2
    m_PostInfinity: 2
    m_RotationOrder: 4
--- !u!95 &95066155635963936
Animator:
  serializedVersion: 3
  m_ObjectHideFlags: 1
  m_CorrespondingSourceObject: {fileID: 0}
  m_PrefabInternal: {fileID: 100100000}
  m_GameObject: {fileID: 1022959283148758}
  m_Enabled: 1
  m_Avatar: {fileID: 0}
  m_Controller: {fileID: 9100000, guid: bd0f4b3b9a1163c4499da41ada603289, type: 2}
  m_CullingMode: 0
  m_UpdateMode: 0
  m_ApplyRootMotion: 0
  m_LinearVelocityBlending: 0
  m_WarningMessage: 
  m_HasTransformHierarchy: 1
  m_AllowConstantClipSamplingOptimization: 1
  m_KeepAnimatorControllerStateOnDisable: 0
--- !u!95 &95730172542992214
Animator:
  serializedVersion: 3
  m_ObjectHideFlags: 1
  m_CorrespondingSourceObject: {fileID: 0}
  m_PrefabInternal: {fileID: 100100000}
  m_GameObject: {fileID: 1909280535268176}
  m_Enabled: 1
  m_Avatar: {fileID: 0}
  m_Controller: {fileID: 9100000, guid: bb2c9229faf1f54488f24ffbd10cf782, type: 2}
  m_CullingMode: 0
  m_UpdateMode: 0
  m_ApplyRootMotion: 0
  m_LinearVelocityBlending: 0
  m_WarningMessage: 
  m_HasTransformHierarchy: 1
  m_AllowConstantClipSamplingOptimization: 1
  m_KeepAnimatorControllerStateOnDisable: 0
--- !u!114 &114013148816752886
MonoBehaviour:
  m_ObjectHideFlags: 1
  m_CorrespondingSourceObject: {fileID: 0}
  m_PrefabInternal: {fileID: 100100000}
  m_GameObject: {fileID: 1165326123423892}
  m_Enabled: 1
  m_EditorHideFlags: 0
  m_Script: {fileID: 11500000, guid: 03b157d7625014c58bfbad3513f40289, type: 3}
  m_Name: 
  m_EditorClassIdentifier: 
  m_Color: {r: 0.9622642, g: 0.63999647, b: 0.63999647, a: 1}
  m_Length: 0.42907178
  m_Child: {fileID: 0}
  m_ChildTransform: {fileID: 0}
  m_AttachedIK: {fileID: 0}
--- !u!114 &114028277615260850
MonoBehaviour:
  m_ObjectHideFlags: 1
  m_CorrespondingSourceObject: {fileID: 0}
  m_PrefabInternal: {fileID: 100100000}
  m_GameObject: {fileID: 1808229859396718}
  m_Enabled: 1
  m_EditorHideFlags: 0
  m_Script: {fileID: 11500000, guid: 5ec17ceaa560940e9bf0dbeafc3a1971, type: 3}
  m_Name: 
  m_EditorClassIdentifier: 
  defaultOrder: 0
  m_SpriteMesh: {fileID: 11400000, guid: 829a9807c6f66094b9faa2f31db35d52, type: 2}
  m_Color: {r: 1, g: 1, b: 1, a: 1}
  m_Materials:
  - {fileID: 2100000, guid: 6869a65e097f32c409c25d818c105163, type: 2}
  m_SortingLayerID: 0
  m_SortingOrder: 0
  m_Bones: []
  m_BoneTransforms:
  - {fileID: 4207560929262906}
--- !u!114 &114039358730853874
MonoBehaviour:
  m_ObjectHideFlags: 1
  m_CorrespondingSourceObject: {fileID: 0}
  m_PrefabInternal: {fileID: 100100000}
  m_GameObject: {fileID: 1909280535268176}
  m_Enabled: 1
  m_EditorHideFlags: 0
  m_Script: {fileID: 11500000, guid: 533669fe702b5414cbcdd5a5efeb8e36, type: 3}
  m_Name: 
  m_EditorClassIdentifier: 
  m_Poses:
  - {fileID: 11400000, guid: 3cf0c4647a7f99b4790ad4e2187babb2, type: 2}
--- !u!114 &114045600467822104
MonoBehaviour:
  m_ObjectHideFlags: 1
  m_CorrespondingSourceObject: {fileID: 0}
  m_PrefabInternal: {fileID: 100100000}
  m_GameObject: {fileID: 1909280535268176}
  m_Enabled: 1
  m_EditorHideFlags: 0
  m_Script: {fileID: 11500000, guid: 5ec17ceaa560940e9bf0dbeafc3a1971, type: 3}
  m_Name: 
  m_EditorClassIdentifier: 
  defaultOrder: 0
  m_SpriteMesh: {fileID: 11400000, guid: 58c2d6a0062d78f47bdf4851f1c107d9, type: 2}
  m_Color: {r: 0.10215378, g: 1, b: 0, a: 1}
  m_Materials:
  - {fileID: 2100000, guid: 6869a65e097f32c409c25d818c105163, type: 2}
  m_SortingLayerID: 0
  m_SortingOrder: 0
  m_Bones: []
  m_BoneTransforms:
  - {fileID: 4211321503862508}
  - {fileID: 4986905561900344}
--- !u!114 &114070113328603148
MonoBehaviour:
  m_ObjectHideFlags: 1
  m_CorrespondingSourceObject: {fileID: 0}
  m_PrefabInternal: {fileID: 100100000}
  m_GameObject: {fileID: 1680867090748696}
  m_Enabled: 1
  m_EditorHideFlags: 0
  m_Script: {fileID: 11500000, guid: 03b157d7625014c58bfbad3513f40289, type: 3}
  m_Name: 
  m_EditorClassIdentifier: 
  m_Color: {r: 0.9811321, g: 0.61552155, b: 0.61552155, a: 1}
  m_Length: 0.9999998
  m_Child: {fileID: 0}
  m_ChildTransform: {fileID: 4254922904727804}
  m_AttachedIK: {fileID: 0}
--- !u!114 &114246492543207088
MonoBehaviour:
  m_ObjectHideFlags: 1
  m_CorrespondingSourceObject: {fileID: 0}
  m_PrefabInternal: {fileID: 100100000}
  m_GameObject: {fileID: 1961109679310200}
  m_Enabled: 1
  m_EditorHideFlags: 0
  m_Script: {fileID: 11500000, guid: c4c74e634f8b6664a8ff977dc7593503, type: 3}
  m_Name: 
  m_EditorClassIdentifier: 
  coordinated: 0
  headTracker: {fileID: 0}
  tailTracker: {fileID: 0}
  arm1Tracker: {fileID: 0}
  leg1Tracker: {fileID: 0}
  arm2Tracker: {fileID: 0}
  leg2Tracker: {fileID: 0}
  front: {fileID: 0}
  rear: {fileID: 0}
  bone: {fileID: 114954962779726918}
  attackPart: {fileID: 114346135178463106}
  source: {fileID: 82106834814837816}
  conflict: {fileID: 8300000, guid: ae67fe32a6ec07145be5a7b6e194124d, type: 3}
  dying: {fileID: 8300000, guid: d76cc39dfb8e050429d9fcd2b4b102db, type: 3}
--- !u!114 &114346135178463106
MonoBehaviour:
  m_ObjectHideFlags: 1
  m_CorrespondingSourceObject: {fileID: 0}
  m_PrefabInternal: {fileID: 100100000}
  m_GameObject: {fileID: 1961109679310200}
  m_Enabled: 1
  m_EditorHideFlags: 0
  m_Script: {fileID: 11500000, guid: 30d917d37231fad4788efc8416f56aca, type: 3}
  m_Name: 
  m_EditorClassIdentifier: 
  attacking: 0
  possibleVictims: []
  possibleMeals: []
  clip: {fileID: 8300000, guid: 201656086900f9047af80a9a1591406a, type: 3}
--- !u!114 &114401431303448836
MonoBehaviour:
  m_ObjectHideFlags: 1
  m_CorrespondingSourceObject: {fileID: 0}
  m_PrefabInternal: {fileID: 100100000}
  m_GameObject: {fileID: 1527348209060098}
  m_Enabled: 1
  m_EditorHideFlags: 0
  m_Script: {fileID: 11500000, guid: 03b157d7625014c58bfbad3513f40289, type: 3}
  m_Name: 
  m_EditorClassIdentifier: 
  m_Color: {r: 1, g: 0.5707547, b: 0.5707547, a: 1}
  m_Length: 1
  m_Child: {fileID: 0}
  m_ChildTransform: {fileID: 0}
  m_AttachedIK: {fileID: 0}
--- !u!114 &114426881128714016
MonoBehaviour:
  m_ObjectHideFlags: 1
  m_CorrespondingSourceObject: {fileID: 0}
  m_PrefabInternal: {fileID: 100100000}
  m_GameObject: {fileID: 1603748121843780}
  m_Enabled: 1
  m_EditorHideFlags: 0
  m_Script: {fileID: 11500000, guid: 5ec17ceaa560940e9bf0dbeafc3a1971, type: 3}
  m_Name: 
  m_EditorClassIdentifier: 
  defaultOrder: 0
  m_SpriteMesh: {fileID: 11400000, guid: cfac37d5e7fb0bd4ea30338269eaf107, type: 2}
  m_Color: {r: 1, g: 0.16184291, b: 0, a: 1}
  m_Materials:
  - {fileID: 2100000, guid: 6869a65e097f32c409c25d818c105163, type: 2}
  m_SortingLayerID: 0
  m_SortingOrder: 0
  m_Bones: []
  m_BoneTransforms:
  - {fileID: 4308350309634760}
--- !u!114 &114483586442372394
MonoBehaviour:
  m_ObjectHideFlags: 1
  m_CorrespondingSourceObject: {fileID: 0}
  m_PrefabInternal: {fileID: 100100000}
  m_GameObject: {fileID: 1122686525180862}
  m_Enabled: 1
  m_EditorHideFlags: 0
  m_Script: {fileID: 11500000, guid: 5ec17ceaa560940e9bf0dbeafc3a1971, type: 3}
  m_Name: 
  m_EditorClassIdentifier: 
  defaultOrder: 0
  m_SpriteMesh: {fileID: 11400000, guid: cd48f15e8762a01438031c5d45d64d0e, type: 2}
  m_Color: {r: 1, g: 1, b: 1, a: 1}
  m_Materials:
  - {fileID: 2100000, guid: 6869a65e097f32c409c25d818c105163, type: 2}
  m_SortingLayerID: 0
  m_SortingOrder: 0
  m_Bones: []
  m_BoneTransforms:
  - {fileID: 4135247567704702}
  - {fileID: 4254922904727804}
--- !u!114 &114507140572714784
MonoBehaviour:
  m_ObjectHideFlags: 1
  m_CorrespondingSourceObject: {fileID: 0}
  m_PrefabInternal: {fileID: 100100000}
  m_GameObject: {fileID: 1594574605773566}
  m_Enabled: 1
  m_EditorHideFlags: 0
  m_Script: {fileID: 11500000, guid: 03b157d7625014c58bfbad3513f40289, type: 3}
  m_Name: 
  m_EditorClassIdentifier: 
  m_Color: {r: 1, g: 0.7216981, b: 0.7216981, a: 1}
  m_Length: 0.32
  m_Child: {fileID: 0}
  m_ChildTransform: {fileID: 0}
  m_AttachedIK: {fileID: 0}
--- !u!114 &114514151566617772
MonoBehaviour:
  m_ObjectHideFlags: 1
  m_CorrespondingSourceObject: {fileID: 0}
  m_PrefabInternal: {fileID: 100100000}
  m_GameObject: {fileID: 1489790335353568}
  m_Enabled: 1
  m_EditorHideFlags: 0
  m_Script: {fileID: 11500000, guid: 03b157d7625014c58bfbad3513f40289, type: 3}
  m_Name: 
  m_EditorClassIdentifier: 
  m_Color: {r: 1, g: 0.7216981, b: 0.7216981, a: 1}
  m_Length: 0.009999955
  m_Child: {fileID: 0}
  m_ChildTransform: {fileID: 4986905561900344}
  m_AttachedIK: {fileID: 0}
--- !u!114 &114871999312508162
MonoBehaviour:
  m_ObjectHideFlags: 1
  m_CorrespondingSourceObject: {fileID: 0}
  m_PrefabInternal: {fileID: 100100000}
  m_GameObject: {fileID: 1022959283148758}
  m_Enabled: 1
  m_EditorHideFlags: 0
  m_Script: {fileID: 11500000, guid: 533669fe702b5414cbcdd5a5efeb8e36, type: 3}
  m_Name: 
  m_EditorClassIdentifier: 
  m_Poses:
  - {fileID: 11400000, guid: d78f0e6dd2acb4a44be0f76ee41c3304, type: 2}
--- !u!114 &114954962779726918
MonoBehaviour:
  m_ObjectHideFlags: 1
  m_CorrespondingSourceObject: {fileID: 0}
  m_PrefabInternal: {fileID: 100100000}
  m_GameObject: {fileID: 1639511351145642}
  m_Enabled: 1
  m_EditorHideFlags: 0
  m_Script: {fileID: 11500000, guid: 03b157d7625014c58bfbad3513f40289, type: 3}
  m_Name: 
  m_EditorClassIdentifier: 
  m_Color: {r: 0.9622642, g: 0.63999647, b: 0.63999647, a: 1}
  m_Length: 0.42907178
  m_Child: {fileID: 0}
  m_ChildTransform: {fileID: 4135247567704702}
  m_AttachedIK: {fileID: 0}
--- !u!137 &137259587101838318
SkinnedMeshRenderer:
  m_ObjectHideFlags: 1
  m_CorrespondingSourceObject: {fileID: 0}
  m_PrefabInternal: {fileID: 100100000}
  m_GameObject: {fileID: 1603748121843780}
  m_Enabled: 1
  m_CastShadows: 1
  m_ReceiveShadows: 1
  m_DynamicOccludee: 1
  m_MotionVectors: 1
  m_LightProbeUsage: 1
  m_ReflectionProbeUsage: 1
  m_RenderingLayerMask: 4294967295
  m_Materials:
  - {fileID: 2100000, guid: 6869a65e097f32c409c25d818c105163, type: 2}
  m_StaticBatchInfo:
    firstSubMesh: 0
    subMeshCount: 0
  m_StaticBatchRoot: {fileID: 0}
  m_ProbeAnchor: {fileID: 0}
  m_LightProbeVolumeOverride: {fileID: 0}
  m_ScaleInLightmap: 1
  m_PreserveUVs: 0
  m_IgnoreNormalsForChartDetection: 0
  m_ImportantGI: 0
  m_StitchLightmapSeams: 0
  m_SelectedEditorRenderState: 3
  m_MinimumChartSize: 4
  m_AutoUVMaxDistance: 0.5
  m_AutoUVMaxAngle: 89
  m_LightmapParameters: {fileID: 0}
  m_SortingLayerID: 0
  m_SortingLayer: 0
  m_SortingOrder: 0
  serializedVersion: 2
  m_Quality: 0
  m_UpdateWhenOffscreen: 0
  m_SkinnedMotionVectors: 1
  m_Mesh: {fileID: 43297727098253770, guid: cfac37d5e7fb0bd4ea30338269eaf107, type: 2}
  m_Bones:
  - {fileID: 4308350309634760}
  m_BlendShapeWeights: []
  m_RootBone: {fileID: 4308350309634760}
  m_AABB:
    m_Center: {x: 0.057752453, y: 0.3561563, z: 0.000000007450581}
    m_Extent: {x: 0.073744826, y: 0.07565257, z: 0}
  m_DirtyAABB: 0
--- !u!137 &137288834447292360
SkinnedMeshRenderer:
  m_ObjectHideFlags: 1
  m_CorrespondingSourceObject: {fileID: 0}
  m_PrefabInternal: {fileID: 100100000}
  m_GameObject: {fileID: 1122686525180862}
  m_Enabled: 1
  m_CastShadows: 1
  m_ReceiveShadows: 1
  m_DynamicOccludee: 1
  m_MotionVectors: 1
  m_LightProbeUsage: 1
  m_ReflectionProbeUsage: 1
  m_RenderingLayerMask: 4294967295
  m_Materials:
  - {fileID: 2100000, guid: 6869a65e097f32c409c25d818c105163, type: 2}
  m_StaticBatchInfo:
    firstSubMesh: 0
    subMeshCount: 0
  m_StaticBatchRoot: {fileID: 0}
  m_ProbeAnchor: {fileID: 0}
  m_LightProbeVolumeOverride: {fileID: 0}
  m_ScaleInLightmap: 1
  m_PreserveUVs: 0
  m_IgnoreNormalsForChartDetection: 0
  m_ImportantGI: 0
  m_StitchLightmapSeams: 0
  m_SelectedEditorRenderState: 3
  m_MinimumChartSize: 4
  m_AutoUVMaxDistance: 0.5
  m_AutoUVMaxAngle: 89
  m_LightmapParameters: {fileID: 0}
  m_SortingLayerID: 0
  m_SortingLayer: 0
  m_SortingOrder: 0
  serializedVersion: 2
  m_Quality: 0
  m_UpdateWhenOffscreen: 0
  m_SkinnedMotionVectors: 1
  m_Mesh: {fileID: 43365028200720430, guid: cd48f15e8762a01438031c5d45d64d0e, type: 2}
  m_Bones:
  - {fileID: 4135247567704702}
  - {fileID: 4254922904727804}
  m_BlendShapeWeights: []
  m_RootBone: {fileID: 4135247567704702}
  m_AABB:
    m_Center: {x: 1.063264, y: 0.059912145, z: 0}
    m_Extent: {x: 1.7903689, y: 0.9226224, z: 0}
  m_DirtyAABB: 0
--- !u!137 &137375203009715206
SkinnedMeshRenderer:
  m_ObjectHideFlags: 1
  m_CorrespondingSourceObject: {fileID: 0}
  m_PrefabInternal: {fileID: 100100000}
  m_GameObject: {fileID: 1909280535268176}
  m_Enabled: 1
  m_CastShadows: 1
  m_ReceiveShadows: 1
  m_DynamicOccludee: 1
  m_MotionVectors: 1
  m_LightProbeUsage: 1
  m_ReflectionProbeUsage: 1
  m_RenderingLayerMask: 4294967295
  m_Materials:
  - {fileID: 2100000, guid: 6869a65e097f32c409c25d818c105163, type: 2}
  m_StaticBatchInfo:
    firstSubMesh: 0
    subMeshCount: 0
  m_StaticBatchRoot: {fileID: 0}
  m_ProbeAnchor: {fileID: 0}
  m_LightProbeVolumeOverride: {fileID: 0}
  m_ScaleInLightmap: 1
  m_PreserveUVs: 0
  m_IgnoreNormalsForChartDetection: 0
  m_ImportantGI: 0
  m_StitchLightmapSeams: 0
  m_SelectedEditorRenderState: 3
  m_MinimumChartSize: 4
  m_AutoUVMaxDistance: 0.5
  m_AutoUVMaxAngle: 89
  m_LightmapParameters: {fileID: 0}
  m_SortingLayerID: 0
  m_SortingLayer: 0
  m_SortingOrder: 0
  serializedVersion: 2
  m_Quality: 0
  m_UpdateWhenOffscreen: 0
  m_SkinnedMotionVectors: 1
  m_Mesh: {fileID: 43939634381450338, guid: 58c2d6a0062d78f47bdf4851f1c107d9, type: 2}
  m_Bones:
  - {fileID: 4211321503862508}
  - {fileID: 4986905561900344}
  m_BlendShapeWeights: []
  m_RootBone: {fileID: 4211321503862508}
  m_AABB:
    m_Center: {x: 0.17605512, y: 0.0148482025, z: 0}
    m_Extent: {x: 0.19137956, y: 0.19290453, z: 0}
  m_DirtyAABB: 0
--- !u!137 &137816252965410632
SkinnedMeshRenderer:
  m_ObjectHideFlags: 1
  m_CorrespondingSourceObject: {fileID: 0}
  m_PrefabInternal: {fileID: 100100000}
  m_GameObject: {fileID: 1808229859396718}
  m_Enabled: 1
  m_CastShadows: 1
  m_ReceiveShadows: 1
  m_DynamicOccludee: 1
  m_MotionVectors: 1
  m_LightProbeUsage: 1
  m_ReflectionProbeUsage: 1
  m_RenderingLayerMask: 4294967295
  m_Materials:
  - {fileID: 2100000, guid: 6869a65e097f32c409c25d818c105163, type: 2}
  m_StaticBatchInfo:
    firstSubMesh: 0
    subMeshCount: 0
  m_StaticBatchRoot: {fileID: 0}
  m_ProbeAnchor: {fileID: 0}
  m_LightProbeVolumeOverride: {fileID: 0}
  m_ScaleInLightmap: 1
  m_PreserveUVs: 0
  m_IgnoreNormalsForChartDetection: 0
  m_ImportantGI: 0
  m_StitchLightmapSeams: 0
  m_SelectedEditorRenderState: 3
  m_MinimumChartSize: 4
  m_AutoUVMaxDistance: 0.5
  m_AutoUVMaxAngle: 89
  m_LightmapParameters: {fileID: 0}
  m_SortingLayerID: 0
  m_SortingLayer: 0
  m_SortingOrder: 0
  serializedVersion: 2
  m_Quality: 0
  m_UpdateWhenOffscreen: 0
  m_SkinnedMotionVectors: 1
  m_Mesh: {fileID: 43475407797459426, guid: 829a9807c6f66094b9faa2f31db35d52, type: 2}
  m_Bones:
  - {fileID: 4207560929262906}
  m_BlendShapeWeights: []
  m_RootBone: {fileID: 4207560929262906}
  m_AABB:
    m_Center: {x: 0.13349867, y: 0.3588158, z: 0}
    m_Extent: {x: 0.7450221, y: 0.5755819, z: 0}
  m_DirtyAABB: 0
--- !u!212 &212971440458174172
SpriteRenderer:
  m_ObjectHideFlags: 1
  m_CorrespondingSourceObject: {fileID: 0}
  m_PrefabInternal: {fileID: 100100000}
  m_GameObject: {fileID: 1961109679310200}
  m_Enabled: 1
  m_CastShadows: 0
  m_ReceiveShadows: 0
  m_DynamicOccludee: 1
  m_MotionVectors: 1
  m_LightProbeUsage: 1
  m_ReflectionProbeUsage: 1
  m_RenderingLayerMask: 4294967295
  m_Materials:
  - {fileID: 10754, guid: 0000000000000000f000000000000000, type: 0}
  m_StaticBatchInfo:
    firstSubMesh: 0
    subMeshCount: 0
  m_StaticBatchRoot: {fileID: 0}
  m_ProbeAnchor: {fileID: 0}
  m_LightProbeVolumeOverride: {fileID: 0}
  m_ScaleInLightmap: 1
  m_PreserveUVs: 0
  m_IgnoreNormalsForChartDetection: 0
  m_ImportantGI: 0
  m_StitchLightmapSeams: 0
  m_SelectedEditorRenderState: 0
  m_MinimumChartSize: 4
  m_AutoUVMaxDistance: 0.5
  m_AutoUVMaxAngle: 89
  m_LightmapParameters: {fileID: 0}
  m_SortingLayerID: 0
  m_SortingLayer: 0
  m_SortingOrder: 200
  m_Sprite: {fileID: 21300000, guid: a0022368552438d47a3e7c7292a8bc00, type: 3}
  m_Color: {r: 0, g: 0, b: 1, a: 0.5019608}
  m_FlipX: 0
  m_FlipY: 0
  m_DrawMode: 0
  m_Size: {x: 0.16, y: 0.16}
  m_AdaptiveModeThreshold: 0.5
  m_SpriteTileMode: 0
  m_WasSpriteAssigned: 1
  m_MaskInteraction: 0
  m_SpriteSortPoint: 0
